<?xml version="1.0" encoding="UTF-8"?><record xmlns="http://www.loc.gov/MARC21/slim" xmlns:cinclude="http://apache.org/cocoon/include/1.0" xmlns:zs="http://www.loc.gov/zing/srw/">
  <leader>00396nz  a2200133n  4500</leader>
  <controlfield tag="001">nb2003042436</controlfield>
  <controlfield tag="003">DLC</controlfield>
  <controlfield tag="005">20030426063110.0</controlfield>
  <controlfield tag="008">030425n| acannaabn          |n aaa      </controlfield>
  <datafield tag="010" ind1=" " ind2=" ">
    <subfield code="a">nb2003042436</subfield>
  </datafield>
  <datafield tag="040" ind1=" " ind2=" ">
    <subfield code="a">Uk</subfield>
    <subfield code="b">eng</subfield>
    <subfield code="c">Uk</subfield>
  </datafield>
  <datafield tag="100" ind1="1" ind2=" ">
    <subfield code="a">Reitzer, Be휍혖la,</subfield>
    <subfield code="d">1911-1942</subfield>
  </datafield>
  <datafield tag="670" ind1=" " ind2=" ">
    <subfield code="a">Hungarian peasant life, 1937?:</subfield>
    <subfield code="b">t.p. (Bela Reitzer)</subfield>
  </datafield>
  <datafield tag="670" ind1=" " ind2=" ">
    <subfield code="a">BL database, 25 Apr. 2003</subfield>
    <subfield code="b">(hdg.: Reitzer, Be휍혖la, 1911-1942)</subfield>
  </datafield>
</record>